
@book{griesshammer2008,
	edition = {1},
	title = {Der {Klima-Knigge:} Energie sparen, Kosten senken, Klima schützen},
	isbn = {3746670632},
	shorttitle = {Der {Klima-Knigge}},
	publisher = {Aufbau Tb},
	author = {Rainer Griesshammer},
	month = sep,
	year = {2008}
},

@book{schlumberger2006,
	title = {50 einfache Dinge, die Sie tun können, um die Welt zu retten und wie Sie dabei Geld sparen},
	isbn = {3453685156},
	publisher = {Heyne Verlag},
	author = {Andreas Schlumberger},
	month = sep,
	year = {2006}
}